@misc{flexmit,
	author       = {University of California, Berkeley},
	title        = {flex\_1},
	howpublished = {Disponível em \url{http://web.mit.edu/gnu/doc/html/flex_1.html}},
	note         = {Acessado em 2021},
	language     = {american}
}
@misc{flexvirginia,
	author       = {University of California, Berkeley},
	title        = {Lexical Analysis With Flex, for Flex 2.6.3},
	howpublished = {Disponível em \url{https://www.cs.virginia.edu/~cr4bd/flex-manual/index.html#SEC_Contents}},
	note         = {Acessado em 2021},
	language     = {american}
}
